<record><leader>00000cas a22000007a 4500</leader><controlfield tag="001">14350203</controlfield><controlfield tag="008">861006d18881890iauwr n       0    0eng d</controlfield><datafield ind1=" " ind2=" " tag="010"><subfield code="a">sn 86060222 </subfield></datafield><datafield ind1=" " ind2=" " tag="040"><subfield code="a">INP</subfield><subfield code="b">eng</subfield><subfield code="c">INP</subfield><subfield code="d">OCLCQ</subfield></datafield><datafield ind1=" " ind2=" " tag="042"><subfield code="a">msc</subfield></datafield><datafield ind1="0" ind2=" " tag="130"><subfield code="a">Winterset Madisonian (Winterset, Iowa : 1888)</subfield></datafield><datafield ind1="1" ind2="0" tag="245"><subfield code="a">Winterset Madisonian.</subfield></datafield><datafield ind1=" " ind2=" " tag="260"><subfield code="a">Winterset, Madison Co., Iowa :</subfield><subfield code="b">Homer Thompson and Albert Strong,</subfield><subfield code="c">1888-1890.</subfield></datafield><datafield ind1=" " ind2=" " tag="300"><subfield code="a">4 v. :</subfield><subfield code="b">ill. ;</subfield><subfield code="c">55 cm.</subfield></datafield><datafield ind1=" " ind2=" " tag="310"><subfield code="a">Weekly</subfield></datafield><datafield ind1="0" ind2=" " tag="362"><subfield code="a">Vol. 32, no. 34 (June 8, 1888)-v. 35, no. 11 (Dec. 26, 1890).</subfield></datafield><datafield ind1=" " ind2=" " tag="515"><subfield code="a">Occasional errors in numbering.</subfield></datafield><datafield ind1=" " ind2=" " tag="752"><subfield code="a">United States</subfield><subfield code="b">Iowa</subfield><subfield code="c">Madison</subfield><subfield code="d">Winterset.</subfield></datafield><datafield ind1="0" ind2="0" tag="780"><subfield code="t">Winterset Madisonian and chronicle</subfield><subfield code="w">(DLC)sn 86060221</subfield></datafield><datafield ind1="0" ind2="0" tag="785"><subfield code="t">Madisonian (Winterset, Iowa : 1891)</subfield><subfield code="w">(DLC)sn 86060209</subfield></datafield></record>